<?xml version="1.0" encoding="utf-8"?>
<record xmlns="http://www.loc.gov/MARC21/slim" xmlns:xsi="http://www.w3.org/2001/XMLSchema-instance" xsi:schemaLocation="http://www.loc.gov/MARC21/slim http://www.loc.gov/standards/marcxml/schema/MARC21slim.xsd">
	<leader>     nam a22        4500</leader>
	<controlfield tag="001">1101805</controlfield>
	<controlfield tag="003">NNC</controlfield>
	<controlfield tag="006">m        d        </controlfield>
	<controlfield tag="007">cr cn |||m|||a</controlfield>
	<controlfield tag="008">150621s1989    ir h    ob    001 0carard</controlfield>
	<datafield ind1=" " ind2=" " tag="040">
		<subfield code="a">NNU</subfield>
		<subfield code="b">eng</subfield>
		<subfield code="e">rda</subfield>
		<subfield code="c">NNU</subfield>
	</datafield>
	<datafield ind1=" " ind2="4" tag="050">
		<subfield code="a">BP193.28</subfield>
		<subfield code="b">.M34 1989</subfield>
	</datafield>
	<datafield ind1="1" ind2=" " tag="100">
		<subfield code="6">880-01</subfield>
		<subfield code="a">Majlisī, Muḥammad Bāqir ibn Muḥammad Taqī,</subfield>
		<subfield code="d">1627 or 1628-approximately 1699.</subfield>
	</datafield>
	<datafield ind1="1" ind2="0" tag="245">
		<subfield code="6">880-02</subfield>
		<subfield code="a">Ijāzāt al-Ḥadīth ... /</subfield>
		<subfield code="c">Muḥammad Bāqir al-Majlisī al-Iṣbahānī ; dawwa nāhā wa-tarjama lil-aʻlām al-majāzīn wa-ṣanaʻa fahārisahā Aḥmad al-Ḥusaynī.</subfield>
	</datafield>
	<datafield ind1=" " ind2=" " tag="250">
		<subfield code="6">880-03</subfield>
		<subfield code="a">al-Ṭabʻah 1.</subfield>
	</datafield>
	<datafield ind1=" " ind2=" " tag="260">
		<subfield code="6">880-04</subfield>
		<subfield code="a">Qum :</subfield>
		<subfield code="b">Maktabat Āyat Allāh al-Marʻashī al-ʻĀmmah,</subfield>
		<subfield code="c">1410 [1989 or 1990]</subfield>
	</datafield>
	<datafield ind1=" " ind2=" " tag="300">
		<subfield code="a">online resource (310, 109, 31 pages) :</subfield>
		<subfield code="b">facsimiles</subfield>
	</datafield>
	<datafield ind1=" " ind2=" " tag="336">
		<subfield code="a">text</subfield>
		<subfield code="2">rdacontent</subfield>
	</datafield>
	<datafield ind1=" " ind2=" " tag="337">
		<subfield code="a">computer</subfield>
		<subfield code="2">rdamedia</subfield>
	</datafield>
	<datafield ind1=" " ind2=" " tag="338">
		<subfield code="a">online resource</subfield>
		<subfield code="2">rdacarrier</subfield>
	</datafield>
	<datafield ind1=" " ind2=" " tag="500">
		<subfield code="a">Part of the Arabic Collections Online (ACO) project, contributed by Columbia University Libraries.</subfield>
	</datafield>
	<datafield ind1=" " ind2=" " tag="504">
		<subfield code="a">Includes bibliographical references (pages 24-26, 3rd section)-and indexes.</subfield>
	</datafield>
	<datafield ind1=" " ind2=" " tag="533">
		<subfield code="a">Electronic reproduction.</subfield>
		<subfield code="b">New York, N.Y. :</subfield>
		<subfield code="c">New York University,</subfield>
		<subfield code="d">2015.</subfield>
		<subfield code="5">NNU</subfield>
	</datafield>
	<datafield ind1=" " ind2="0" tag="650">
		<subfield code="a">Hadith (Shiites)</subfield>
		<subfield code="x">Authorities.</subfield>
	</datafield>
	<datafield ind1=" " ind2="0" tag="650">
		<subfield code="a">Hadith</subfield>
		<subfield code="x">Criticism, interpretation, etc.</subfield>
	</datafield>
	<datafield ind1=" " ind2="7" tag="650">
		<subfield code="a">Hadith.</subfield>
		<subfield code="2">fast</subfield>
		<subfield code="0">(OCoLC)fst00950112</subfield>
	</datafield>
	<datafield ind1=" " ind2="7" tag="650">
		<subfield code="a">Hadith (Shiites)</subfield>
		<subfield code="x">Authorities.</subfield>
		<subfield code="2">fast</subfield>
		<subfield code="0">(OCoLC)fst00950139</subfield>
	</datafield>
	<datafield ind1=" " ind2="7" tag="655">
		<subfield code="a">Criticism, interpretation, etc.</subfield>
		<subfield code="2">fast</subfield>
		<subfield code="0">(OCoLC)fst01411635</subfield>
	</datafield>
	<datafield ind1="1" ind2=" " tag="700">
		<subfield code="6">880-05</subfield>
		<subfield code="a">Ḥusaynī, Aḥmad,</subfield>
		<subfield code="c">Bik.</subfield>
	</datafield>
	<datafield ind1="2" ind2=" " tag="710">
		<subfield code="a">Columbia University.</subfield>
		<subfield code="b">Libraries.</subfield>
	</datafield>
	<datafield ind1="0" ind2=" " tag="730">
		<subfield code="a">Arabic Collections Online.</subfield>
	</datafield>
	<datafield ind1="0" ind2="8" tag="776">
		<subfield code="i">Online version:</subfield>
		<subfield code="a">Majlisī, Muḥammad Bāqir ibn Muḥammad Taqī, 1627 or 1628-approximately 1699.</subfield>
		<subfield code="t">Ijāzāt al-Ḥadīth ..</subfield>
		<subfield code="b">al-Ṭabʻah 1.</subfield>
		<subfield code="d">Qum : Maktabat Āyat Allāh al-Marʻashī al-ʻĀmmah, 1410 [1989 or 1990]</subfield>
		<subfield code="w">(OCoLC)891941314</subfield>
	</datafield>
	<datafield ind1="0" ind2="8" tag="776">
		<subfield code="i">Print version:</subfield>
		<subfield code="a">Majlisī, Muḥammad Bāqir ibn Muḥammad Taqī, 1627 or 1628-approximately 1699.</subfield>
		<subfield code="t">Ijāzāt al-Ḥadīth</subfield>
		<subfield code="w">(NNC)1101805</subfield>
		<subfield code="w">(DLC)   90933146 </subfield>
		<subfield code="w">(OCoLC)24707907</subfield>
	</datafield>
	<datafield ind1="4" ind2="0" tag="856">
		<subfield code="u">http://hdl.handle.net/2333.1/kprr512t</subfield>
	</datafield>
	<datafield ind1="1" ind2=" " tag="880">
		<subfield code="6">100-01/r</subfield>
		<subfield code="a">مجلسي، محمد باقر بن محمد تقي،,</subfield>
		<subfield code="d">1627 or 9-approximately 1699.</subfield>
	</datafield>
	<datafield ind1="1" ind2="0" tag="880">
		<subfield code="6">245-02/r</subfield>
		<subfield code="a">اجازات الحديث ... /</subfield>
		<subfield code="c">محمد باقر المجلسي الاصبهاني ؛ دو ناها وترجم للاعلام المجازين وصنع فهارسها احمد الحسيني.</subfield>
	</datafield>
	<datafield ind1=" " ind2=" " tag="880">
		<subfield code="6">250-03/r</subfield>
		<subfield code="a">الطبعة 1.</subfield>
	</datafield>
	<datafield ind1=" " ind2=" " tag="880">
		<subfield code="6">260-04/r</subfield>
		<subfield code="a">قم :</subfield>
		<subfield code="b">مكتبة آية الله المرعشي العامة،</subfield>
		<subfield code="c">1410 [1989 or 1990]</subfield>
	</datafield>
	<datafield ind1="1" ind2=" " tag="880">
		<subfield code="6">700-05/r</subfield>
		<subfield code="a">حسيني، احمد،</subfield>
		<subfield code="c">بيك.</subfield>
	</datafield>
	<datafield ind1=" " ind2=" " tag="959">
		<subfield code="a">NNU</subfield>
		<subfield code="b">WEB</subfield>
		<subfield code="c">GENI</subfield>
		<subfield code="t">0</subfield>
		<subfield code="m">Electronic access</subfield>
		<subfield code="s">01</subfield>
	</datafield>
	<datafield ind1=" " ind2=" " tag="999">
		<subfield code="i">NNC_1101805</subfield>
		<subfield code="o">(OCoLC)ocm24707907 </subfield>
		<subfield code="s">columbia_aco000847</subfield>
	</datafield>
</record>
